%% This BibTeX bibliography file was created using BibDesk.
%% https://bibdesk.sourceforge.io/

%% Created for hibiki sato at 2023-01-30 00:00:00 +0900 


%% Saved with string encoding Unicode (UTF-8) 



@url{twitter,
	title = {``Twitter''},
	author = {Twitter Inc},
	howpublished = {\url{https://twitter.com/}},
	lastchecked = {(Last accessed on Jan 30, 2023)}}

@url{google-play-store,
	title = {``Google Play''},
	author = {Google Inc},
	howpublished = {\url{http://play.google.com/}},
	lastchecked = {(Last accessed on Jan 30, 2023)}}

@article{bert,
	author = {Jacob Devlin and Ming-Wei Chang and Kenton Lee and Kristina Toutanova},
	journal = {arXiv},
	title = {BERT: Pre-training of Deep Bidirectional Transformers for Language Understanding},
	pages = {4171-4186},
	year = {2019(2018)}}

@url{about-google-play,
	title = {``Android の「Google Play ストア」では何ができる？ アプリのインストール方法や楽しみ方を知ろう''},
	howpublished = "\url{https://www.android.com/intl/ja_jp/articles/120/}",
	year = {2023},
	lastchecked = {(Last accessed on Jan 30, 2023)}}

@url{purnima-kochikar,
	author = {Google Developers Blog},
	title = {``Celebrating 10 years of Google Play. Together.''},
	howpublished = "\url{https://android-developers.googleblog.com/2022/03/celebrating-10-years-of-google-play.html}",
	year = {2022},
  	lastchecked = {(Last accessed on Jan 30, 2023)}}

@url{aboutx,
	author = {John Simons and Lon Tweeten},
  	title = {``These Charts Show Why Twitter May Have Appealed to Elon Musk | Time''},
	howpublished = "\url{https://time.com/6171871/why-elon-musk-wanted-twitter-in-numbers/}",
	year = {2022},
  	lastchecked = {(Last accessed on Jan 30, 2023)}}

@inproceedings{infar,
	author = {Cuiyun Gao and Jichuan Zeng and David Lo and Chin-Yew Lin and Michael R. Lyu and Irwin King},
	title = {INFAR: Insight Extraction from App Reviews},
	booktitle = {Proceedings of the 2018 ACM Joint Meeting on European Software Engineering Conference and Symposium on the Foundations of Software Engineering},
	pages = {904-907},
	year = {2018},
	month = {November},
	organization = {ACM}}

@inproceedings{sur-miner,
	author = {Xiaodong Gu and Sunghun Kim},
	title = {What Parts of Your Apps are Loved by Users?},
	booktitle = {30th IEEE/ACM International Conference on Automated Software Engineering, ASE 2015},
	pages = {760-770},
	year = {2015},
	month = {November},
	address = {Lincoln, NE, USA}}

@inproceedings{caspar,
	author = {Hui Guo and Munindar P. Singh},
	title = {Caspar: Extracting and Synthesizing User Stories of Problems from App Reviews},
	booktitle = {Proceedings of the 42nd International Conference on Software Engineering (ICSE '20)},
	pages = {628-640},
	year = {2020},
	month = {June 27 - July 19},
	location = {Seoul, South Korea}}

@online{google-play-scraper,
  	title = {google-play-scraper},
  	author = {Google Play Scraper Contributors},
  	year = {2023},
  	url = {https://pypi.org/project/google-play-scraper/},
  	lastchecked = {(Last accessed on Jan 30, 2023)}}

@misc{tweepy,
  	title = {Tweepy},
  	author = {Tweepy Developers},
  	year = {2023},
  	howpublished = {\url{https://www.tweepy.org/}}}

@url{tohoku,
	author = {GitHub},
	title = {cl-tohoku/bert-japanese},
	howpublished = {\url{https://github.com/cl-tohoku/bert-japanese}},
	lastchecked = {(Last accessed on Jan 30, 2023)}}

@url{masking,
	author = {GitHub},
	title = {cl-tohoku/bert-base-japanese-whole-word-masking},
	howpublished = {\url{https://huggingface.co/cl-tohoku/bert-base-japanese-whole-word-masking}},
	lastchecked = {(Last accessed on Jan 30, 2023)}}

@url{keybert,
	author = {GitHub},
	title = {KeyBERT: Minimal keyword extraction with BERT},
	howpublished = {\url{https://github.com/MaartenGr/KeyBERT}},
	lastchecked = {(Last accessed on Jan 30, 2023)}}

@inproceedings{chinese-whispers,
  	author = {Chris Biemann},
  	title = {Chinese Whispers: An Efficient Graph Clustering Algorithm and Its Application to Natural Language Processing Problems},
  	booktitle = {Proceedings of the Association for Computational Linguistics},
  	year = {2006},
  	pages = {73-80}}

@inproceedings{tweetapp,
  	author = {Gouri Deshpande and Jon Rokne},
  	title = {User Feedback from Tweets vs App Store Reviews: An Exploratory Study of Frequency, Timing and Content},
  	booktitle = {5th International Workshop on Artificial Intelligence for Requirements Engineering},
  	year = {2018},
  	pages = {15-21}}

@bachelorthesis{kawatsura,
	author = {川面 慶季},
	title = {モバイルアプリケーションストアとTwitterにおけるユーザレビューの比較調査},
	school = {Keio university},
	year = {2022}}

@url{plotly,
	howpublished = {\url{https://plotly.com/javascript/}},
	title = {Plotly javascript graphing library in JavaScript},
	lastchecked = {(Last accessed on Nov 14, 2023)}}

@inproceedings{sentence-bert,
  	author = {Nils Reimers and Iryna Gurevych},
  	title = {Sentence-BERT: Sentence Embeddings using Siamese BERT-Networks},
  	booktitle = {Proceedings of the 2019 Conference on Empirical Methods in Natural Language Processing},
  	year = {2019},
  	pages = {3982-3992}}

@inproceedings{dsa,
  author = {Wan Zhou and Yong Wang and Yang Qu and Li Li},
  title = {Automating App Review Classification based on Extended Semantic},
  booktitle = {International Conference on Dependable Systems and Their Applications },
  year = {2022},
  pages = {106-115}}

@inproceedings{lda,
  author = {Blei, David M. and Ng, Andrew Y. and Jordan, Michael I.},
  title = {Latent Dirichlet Allocation},
  booktitle = {Advances in Neural Information Processing Systems 14},
  year = {2001},
  pages = {601--608}}

@url{academic-research,
	howpublished = {\url{https://developer.twitter.com/ja/products/twitter-api/academic-research}},
	title = {``学術研究向けTwitter API | プロダクト | Twitter Developer Platform''},
	lastchecked = {(Last accessed on Jan 9, 2024)}}