%% This BibTeX bibliography file was created using BibDesk.
%% https://bibdesk.sourceforge.io/

%% Created for hibiki sato at 2023-01-30 00:00:00 +0900 


%% Saved with string encoding Unicode (UTF-8) 



@url{twitter,
	author = {Twitter Inc},
	date-added = {2021-12-21 01:10:33 +0900},
	date-modified = {2022-01-30 12:48:55 +0900},
	howpublished = {\url{https://twitter.com/}},
	lastchecked = {(Last accessed on Jan 30, 2022)},
	title = {``Twitter''},
	bdsk-url-1 = {https://twitter.com/}}

@url{google-play-store,
	author = {Google Inc},
	date-added = {2021-12-21 01:06:03 +0900},
	date-modified = {2022-01-30 12:49:35 +0900},
	howpublished = {\url{http://play.google.com/}},
	lastchecked = {(Last accessed on Jan 30, 2022)},
	title = {``Google Play''},
	bdsk-url-1 = {http://play.google.com/}}

@article{bert,
	author = {Jacob Devlin and Ming-Wei Chang and Kenton Lee and Kristina Toutanova},
	date-added = {2021-12-20 20:25:36 +0900},
	date-modified = {2022-01-30 12:30:29 +0900},
	journal = {arXiv},
	pages = {4171-4186},
	title = {BERT: Pre-training of Deep Bidirectional Transformers for Language Understanding},
	year = {2019(2018)}}

@url{about-google-play,
	title = {``Android の「Google Play ストア」では何ができる？ アプリのインストール方法や楽しみ方を知ろう''},
	howpublished = "\url{https://www.android.com/intl/ja_jp/articles/120/}",
	year = {2023},
	note = {Accessed: Nov 8, 2023}}

@url{purnima-kochikar,
	author = {Google Developers Blog},
	title = {Celebrating 10 years of Google Play. Together.},
	howpublished = "\url{https://android-developers.googleblog.com/2022/03/celebrating-10-years-of-google-play.html}",
	year = {2022},
  	month = {mar},
  	note = {Accessed: Nov 8, 2023}}

@url{aboutx,
	author = {Time},
  	title = {Why Elon Musk Wanted Twitter in Numbers},
	howpublished = "\url{https://time.com/6171871/why-elon-musk-wanted-twitter-in-numbers/}",
	year = {2022},
  	note = {Accessed: Nov 8, 2023}}

@inproceedings{infar,
	author = {Cuiyun Gao and Jichuan Zeng and David Lo and Chin-Yew Lin and Michael R. Lyu and Irwin King},
	title = {INFAR: Insight Extraction from App Reviews},
	booktitle = {Proceedings of the 2018 ACM Joint Meeting on European Software Engineering Conference and Symposium on the Foundations of Software Engineering},
	pages = {904-907},
	year = {2018},
	month = {November},
	organization = {ACM},
	address = {Lake Buena Vista, FL, USA}}

@inproceedings{sur-miner,
	author = {Xiaodong Gu and Sunghun Kim},
	title = {What Parts of Your Apps are Loved by Users?},
	booktitle = {30th IEEE/ACM International Conference on Automated Software Engineering, ASE 2015},
	pages = {760-770},
	year = {2015},
	month = {November 9-13},
	address = {Lincoln, NE, USA}}

@inproceedings{caspar,
	author = "Hui Guo and Munindar P. Singh",
	title = "Caspar: Extracting and Synthesizing User Stories of Problems from App Reviews",
	booktitle = "Proceedings of the 42nd International Conference on Software Engineering (ICSE '20)",
	pages = {628-640},
	year = {2020},
	month = {June 27 - July 19},
	location = {Seoul, South Korea}}

@online{google-play-scraper,
  title = {google-play-scraper},
  author = {{Google Play Scraper Contributors}},
  year = {2023},
  url = {https://pypi.org/project/google-play-scraper/},
  note = {Accessed: Nov 10, 2023}}

@misc{tweepy,
  title = {Tweepy},
  author = {{Tweepy Developers}},
  year = {2023},
  howpublished = {\url{https://www.tweepy.org/}}}

@url{tohoku,
	author = {GitHub},
	date-added = {2021-12-21 16:33:11 +0900},
	date-modified = {2022-01-30 12:41:46 +0900},
	howpublished = {\url{https://github.com/cl-tohoku/bert-japanese}},
	lastchecked = {(Last accessed on Nov 11, 2023)},
	title = {cl-tohoku/bert-japanese},
	bdsk-url-1 = {https://github.com/cl-tohoku/bert-japanese}}

@url{masking,
	author = {GitHub},
	howpublished = {\url{https://huggingface.co/cl-tohoku/bert-base-japanese-whole-word-masking}},
	lastchecked = {(Last accessed on Nov 11, 2023)},
	title = {cl-tohoku/bert-base-japanese-whole-word-masking},
	bdsk-url-1 = {https://huggingface.co/cl-tohoku/bert-base-japanese-whole-word-masking}}

@inproceedings{sira,
  author = {Yawen Wang and Junjie Wang and Hongyu Zhang and Xuran Ming and Lin Shi and Qing Wang},
  title = {Where is Your App Frustrating Users?},
  booktitle = {44th International Conference on Software Engineering},
  year = {2022},
  pages = {2427-2439}}

@inproceedings{chinese-whispers,
  author = {Chris Biemann},
  title = {Chinese Whispers: An Efficient Graph Clustering Algorithm and Its Application to Natural Language Processing Problems},
  booktitle = {Proceedings of the Association for Computational Linguistics},
  year = {2006}}

@inproceedings{tweetapp,
  author = {Gouri Deshpande and Jon Rokne},
  title = {User Feedback from Tweets vs App Store Reviews: An Exploratory Study of Frequency, Timing and Content},
  booktitle = {5th International Workshop on Artificial Intelligence for Requirements Engineering},
  year = {2018},
  pages = {15-21}}

@article{kawatsura,
	author = {Kawatsura Yoshiki},
	title = {モバイルアプリケーションストアとTwitterにおけるユーザレビューの比較調査},
	year = {2022(2021)}}

@url{plotly,
	howpublished = {\url{https://plotly.com/javascript/}},
	lastchecked = {(Last accessed on Nov 14, 2023)},
	title = {Plotly javascript graphing library in JavaScript},
	bdsk-url-1 = {https://plotly.com/javascript/}}
